<?xml version="1.0" encoding="UTF-8"?><record xmlns="http://www.loc.gov/MARC21/slim" xmlns:cinclude="http://apache.org/cocoon/include/1.0" xmlns:zs="http://www.loc.gov/zing/srw/">
  <leader>00462cz  a2200133n  4500</leader>
  <controlfield tag="001">n  90619635 </controlfield>
  <controlfield tag="003">DLC</controlfield>
  <controlfield tag="005">19900322103408.8</controlfield>
  <controlfield tag="008">900312n| acannaab|          |a aaa |||  </controlfield>
  <datafield tag="010" ind1=" " ind2=" ">
    <subfield code="a">n  90619635 </subfield>
  </datafield>
  <datafield tag="040" ind1=" " ind2=" ">
    <subfield code="a">DLC</subfield>
    <subfield code="c">DLC</subfield>
    <subfield code="d">DLC</subfield>
  </datafield>
  <datafield tag="100" ind1="1" ind2="0">
    <subfield code="a">Maxwell, Phillip A.</subfield>
  </datafield>
  <datafield tag="400" ind1="1" ind2="0">
    <subfield code="a">Maxwell, P. A.</subfield>
    <subfield code="q">(Phillip A.)</subfield>
  </datafield>
  <datafield tag="670" ind1=" " ind2=" ">
    <subfield code="a">His Late Miocene deep-water Mollusca from the stillwater mudstone at Greymouth, Westland, New Zealand, 1988:</subfield>
    <subfield code="b">t.p. (Phillip A. Maxwell) cover (P.A. Maxwell)</subfield>
  </datafield>
</record>